<?xml version="1.0" encoding="UTF-8"?><record xmlns="http://www.loc.gov/MARC21/slim" xmlns:cinclude="http://apache.org/cocoon/include/1.0" xmlns:zs="http://www.loc.gov/zing/srw/">
  <leader>00397nz  a2200133n  4500</leader>
  <controlfield tag="001">no2002105535</controlfield>
  <controlfield tag="003">DLC</controlfield>
  <controlfield tag="005">20021120052948.0</controlfield>
  <controlfield tag="008">021119n| acannaabn          |n aaa     c</controlfield>
  <datafield tag="010" ind1=" " ind2=" ">
    <subfield code="a">no2002105535</subfield>
  </datafield>
  <datafield tag="035" ind1=" " ind2=" ">
    <subfield code="a">(OCoLC)oca05915203</subfield>
  </datafield>
  <datafield tag="040" ind1=" " ind2=" ">
    <subfield code="a">WaLyOCLC</subfield>
    <subfield code="b">eng</subfield>
    <subfield code="c">WaLyOCLC</subfield>
  </datafield>
  <datafield tag="100" ind1="0" ind2=" ">
    <subfield code="a">Buket</subfield>
  </datafield>
  <datafield tag="670" ind1=" " ind2=" ">
    <subfield code="a">El huerto de Paco, c2000:</subfield>
    <subfield code="b">t.p. (Buket) p. 4 of cover (b. in Istanbul, Turkey; now lives in Brooklyn, NY)</subfield>
  </datafield>
</record>